@book{knuth2001art,
    title={The Art of Computer Programming: Fundamental Algorithms},
    author={Knuth, D.E.},
    number={v. 1},
    isbn={9780201896831},
    year={2001},
    publisher={Addison-Wesley}
}
@INPROCEEDINGS{4026885,
    author={W. Vogels},
    booktitle={2006 IEEE International Conference on Services Computing (SCC'06)},
    title={Web Services at Amazon.com},
    year={2006},
    pages={22--24},
    keywords={Distributed computing;Technological innovation;Web services},
    doi={10.1109/SCC.2006.116},
    month={Sept}
}
